<?xml version="1.0" encoding="UTF-8"?><collection xmlns="http://www.loc.gov/MARC21/slim"><record><leader>00602nam--2200193-u-4500</leader><controlfield tag="001">000052149</controlfield><controlfield tag="002">20161230</controlfield><controlfield tag="005">20161230201049</controlfield><controlfield tag="008">090814s1000------------r-----000-0-rum-d</controlfield><datafield ind1=" " ind2=" " tag="040"><subfield code="a">IFIN-HH</subfield></datafield><datafield ind1=" " ind2=" " tag="041"><subfield code="a">rum</subfield></datafield><datafield ind1=" " ind2=" " tag="080"><subfield code="a">550.3</subfield></datafield><datafield ind1="1" ind2=" " tag="100"><subfield code="a">Marmureanu Alexandru</subfield></datafield><datafield ind1="1" ind2=" " tag="245"><subfield code="a">Cercetari privind detectarea timpurie, in timp real, a cutremurelor catrastofale vrancene, in vederea reducerii riscului seismic</subfield><subfield code="b">Teza</subfield><subfield code="c">Alexandru Marmureanu</subfield></datafield><datafield ind1=" " ind2=" " tag="260"><subfield code="a">Bucuresti</subfield><subfield code="b">Ifa</subfield><subfield code="c">2009</subfield></datafield><datafield ind1=" " ind2=" " tag="300"><subfield code="a">197 p</subfield></datafield><datafield ind1=" " ind2=" " tag="502"><subfield code="a">Conducator: Dr.Fiz.Mircea Radulian</subfield></datafield><datafield ind1=" " ind2=" " tag="852"><subfield code="a">82276</subfield><subfield code="c">550.3</subfield></datafield><datafield ind1=" " ind2=" " tag="CAT"><subfield code="a">Sys</subfield><subfield code="c">20110408</subfield><subfield code="h">122226</subfield></datafield></record></collection>